<?xml version="1.0" encoding="UTF-8"?><collection xmlns="http://www.loc.gov/MARC21/slim"><record><leader>00539nam--2200181-i-4500</leader><controlfield tag="001">000009160</controlfield><controlfield tag="002">20161230</controlfield><controlfield tag="005">20161230201028</controlfield><controlfield tag="008">060222s1000------------r-----000-0-eng-d</controlfield><datafield ind1=" " ind2=" " tag="040"><subfield code="a">IFIN-HH</subfield></datafield><datafield ind1=" " ind2=" " tag="080"><subfield code="a">539.12</subfield></datafield><datafield ind1="1" ind2=" " tag="100"><subfield code="a">Daniel, H</subfield></datafield><datafield ind1="1" ind2="0" tag="245"><subfield code="a">Mesic atoms</subfield><subfield code="c">H. daniel</subfield></datafield><datafield ind1=" " ind2=" " tag="260"><subfield code="a">Strasbourg</subfield><subfield code="b">Ecole Internationale De La Physique Des Particules Elementaires</subfield><subfield code="c">1969</subfield></datafield><datafield ind1=" " ind2=" " tag="300"><subfield code="a">50P</subfield></datafield><datafield ind1=" " ind2=" " tag="490"><subfield code="a">Herceg-novi Ecole Internationale De La Physique Des Particules Elementaires</subfield></datafield><datafield ind1=" " ind2=" " tag="852"><subfield code="a">32007</subfield><subfield code="c">539.18</subfield></datafield><datafield ind1=" " ind2=" " tag="CAT"><subfield code="a">Sys</subfield><subfield code="c">20120702</subfield><subfield code="h">130027</subfield></datafield></record></collection>